@misc{machinelearning,
  title={Machine learning},
  author={Mitchell, Tom M and others},
  year={1997},
  publisher={McGraw-hill New York}
}

@article{kolm201460,
  title={60 Years of portfolio optimization: Practical challenges and current trends},
  author={Kolm, Petter N and T{\"u}t{\"u}nc{\"u}, Reha and Fabozzi, Frank J},
  journal={European Journal of Operational Research},
  volume={234},
  number={2},
  pages={356--371},
  year={2014},
  publisher={Elsevier}
}

@article{markowitz,
  title={Portfolio Selection, Journal of Finance},
  author={Markowitz, Harry},
  journal={Markowitz HM—1952.—№},
  pages={77--91},
  year={1952}
}

@article{gru,
  title={Learning phrase representations using RNN encoder-decoder for statistical machine translation},
  author={Cho, Kyunghyun and Van Merri{\"e}nboer, Bart and Gulcehre, Caglar and Bahdanau, Dzmitry and Bougares, Fethi and Schwenk, Holger and Bengio, Yoshua},
  journal={arXiv preprint arXiv:1406.1078},
  year={2014}
}

@article{bellman,
  title={Dynamic programming},
  author={Bellman, Richard},
  journal={Science},
  volume={153},
  number={3731},
  pages={34--37},
  year={1966},
  publisher={American Association for the Advancement of Science}
}

@article{deeprl,
  title={Deep reinforcement learning: An overview},
  author={Li, Yuxi},
  journal={arXiv preprint arXiv:1701.07274},
  year={2017}
}

@article{ddpg,
  title={Continuous control with deep reinforcement learning},
  author={Lillicrap, Timothy P and Hunt, Jonathan J and Pritzel, Alexander and Heess, Nicolas and Erez, Tom and Tassa, Yuval and Silver, David and Wierstra, Daan},
  journal={arXiv preprint arXiv:1509.02971},
  year={2015}
}

@article{rnn,
  title={Learning representations by back-propagating errors},
  author={Rumelhart, David E and Hinton, Geoffrey E and Williams, Ronald J},
  journal={nature},
  volume={323},
  number={6088},
  pages={533--536},
  year={1986},
  publisher={Nature Publishing Group}
}

@article{poole1998computational,
  title={Computational Intelligence},
  author={Poole, David and Mackworth, Alan and Goebel, Randy},
  year={1998}
}

@book{shumway2017time,
  title={Time series analysis and its applications: with R examples},
  author={Shumway, Robert H and Stoffer, David S},
  year={2017},
  publisher={Springer}
}

@book{shalev2014understanding,
  title={Understanding machine learning: From theory to algorithms},
  author={Shalev-Shwartz, Shai and Ben-David, Shai},
  year={2014},
  publisher={Cambridge university press}
}
%%%%%%%%% FUNDAMENTACAO TEORICA %%%%%%%%%%%%%%%

@inproceedings{silver2014deterministic,
  title={Deterministic policy gradient algorithms},
  author={Silver, David and Lever, Guy and Heess, Nicolas and Degris, Thomas and Wierstra, Daan and Riedmiller, Martin},
  year={2014}
}

@book{graham1965intelligent,
  title={The intelligent investor},
  author={Graham, Benjamin},
  year={1965},
  publisher={Prabhat Prakashan}
}

@book{haugen2001modern,
  title={Modern investment theory},
  author={Haugen, Robert A and Haugen, Robert A},
  volume={5},
  year={2001},
  publisher={Prentice Hall Upper Saddle River, NJ}
}

@book{elton2012moderna,
  title={Moderna teoria de carteiras e an{\'a}lise de investimentos},
  author={Elton, Edwin and Gruber, Martin and Brown, Stephen},
  year={2012},
  publisher={Elsevier Brasil}
}


@article{SpinningUp2018,
    author = {Achiam, Joshua},
    title = {{Spinning Up in Deep Reinforcement Learning}},
    year = {2018}
}

@book{rl_intro,
  title={Reinforcement learning: An introduction},
  author={Sutton, Richard S and Barto, Andrew G},
  year={2018},
  publisher={MIT press}
}

@book{investments,
  title={Investments},
  author={Bodie, Zvi and others},
  year={2009},
  publisher={Tata McGraw-Hill Education}
}

@article{gomes1997bolsa,
  title={A Bolsa de Valores brasileira como fonte de informa{\c{c}}{\~o}es financeiras},
  author={Gomes, F{\'a}tima Rocha},
  journal={Perspect. cienc. inf., Belo Horizonte},
  volume={2},
  number={2},
  pages={189--202},
  year={1997}
}

@book{larose2014discovering,
  title={Discovering knowledge in data: an introduction to data mining},
  author={Larose, Daniel T and Larose, Chantal D},
  volume={4},
  year={2014},
  publisher={John Wiley \& Sons}
}

@article{faceli2011inteligencia,
  title={Intelig{\^e}ncia Artificial: Uma abordagem de aprendizado de m{\'a}quina},
  author={Faceli, Katti and Lorena, Ana Carolina and Gama, Jo{\~a}o and Carvalho, Andr{\'e} Carlos Ponce de Leon and others},
  year={2011}
}

@inproceedings{boser1992training,
  title={A training algorithm for optimal margin classifiers},
  author={Boser, Bernhard E and Guyon, Isabelle M and Vapnik, Vladimir N},
  booktitle={Proceedings of the fifth annual workshop on Computational learning theory},
  pages={144--152},
  year={1992}
}

@book{scholkopf2001learning,
  title={Learning with kernels: support vector machines, regularization, optimization, and beyond},
  author={Scholkopf, Bernhard and Smola, Alexander J},
  year={2001},
  publisher={MIT press}
}

@book{hamel2011knowledge,
  title={Knowledge discovery with support vector machines},
  author={Hamel, Lutz H},
  volume={3},
  year={2011},
  publisher={John Wiley \& Sons}
}

@article{knn,
  title={E. fix and jl hodges (1951): An important contribution to nonparametric discriminant analysis and density estimation: Commentary on fix and hodges (1951)},
  author={Silverman, Bernard W and Jones, M Christopher},
  journal={International Statistical Review/Revue Internationale de Statistique},
  pages={233--238},
  year={1989},
  publisher={JSTOR}
}

%%%%%%%%% FIM FUNDAMENTACAO TEORICA %%%%%%%%%%%%%%%
@article{fusionportifolio,
  title={Decision-making for financial trading: A fusion approach of machine learning and portfolio selection},
  author={Paiva, Felipe Dias and Cardoso, Rodrigo Tom{\'a}s Nogueira and Hanaoka, Gustavo Peixoto and Duarte, Wendel Moreira},
  journal={Expert Systems with Applications},
  volume={115},
  pages={635--655},
  year={2019},
  publisher={Elsevier}
}

@article{ga_optimized_lstm,
  title={Genetic algorithm-optimized long short-term memory network for stock market prediction},
  author={Chung, Hyejung and Shin, Kyung-shik},
  journal={Sustainability},
  volume={10},
  number={10},
  pages={3765},
  year={2018},
  publisher={Multidisciplinary Digital Publishing Institute}
}

@article{random_forest_macroeconomic,
  title={Random Forest Based Feature Selection of Macroeconomic Variables for Stock Market Prediction},
  author={Nti, Kofi O and Adekoya, Adebayo and Weyori, Benjamin},
  journal={American Journal of Applied Sciences},
  volume={16},
  number={7},
  pages={200--212},
  year={2019}
}

@article{forecasting_bayesian,
  title={Forecasting stock market index daily direction: a Bayesian network approach},
  author={Malagrino, Luciana S and Roman, Norton T and Monteiro, Ana M},
  journal={Expert Systems with Applications},
  volume={105},
  pages={11--22},
  year={2018},
  publisher={Elsevier}
}

@article{review,
  title={A systematic review of fundamental and technical analysis of stock market predictions},
  author={Nti, Isaac Kofi and Adekoya, Adebayo Felix and Weyori, Benjamin Asubam},
  journal={Artificial Intelligence Review},
  pages={1--51},
  year={2019},
  publisher={Springer}
}

@article{airms,
  title={AIRMS: A risk management tool using machine learning},
  author={Chandrinos, Spyros K and Sakkas, Georgios and Lagaros, Nikos D},
  journal={Expert Systems with Applications},
  volume={105},
  pages={34--48},
  year={2018},
  publisher={Elsevier}
}

@article{hyperopt,
  title={Hyperopt: a python library for model selection and hyperparameter optimization},
  author={Bergstra, James and Komer, Brent and Eliasmith, Chris and Yamins, Dan and Cox, David D},
  journal={Computational Science \& Discovery},
  volume={8},
  number={1},
  pages={014008},
  year={2015},
  publisher={IOP Publishing}
}

@article{predicting_direction_svm,
  title={Predicting direction of stock price index movement using artificial neural networks and support vector machines: The sample of the Istanbul Stock Exchange},
  author={Kara, Yakup and Boyacioglu, Melek Acar and Baykan, {\"O}mer Kaan},
  journal={Expert systems with Applications},
  volume={38},
  number={5},
  pages={5311--5319},
  year={2011},
  publisher={Elsevier}
}

@article{ftgame,
  title={Financial Trading as a Game: A Deep Reinforcement Learning Approach},
  author={Huang, Chien Yi},
  journal={arXiv preprint arXiv:1807.02787},
  year={2018}
}

@article{machine_learning_framework,
  title={A Machine Learning Framework for Stock Selection},
  author={Fu, XingYu and Du, JinHong and Guo, YiFeng and Liu, MingWen and Dong, Tao and Duan, XiuWen},
  journal={arXiv preprint arXiv:1806.01743},
  year={2018}
}

@article{hybrid_forecasting,
  title={A hybrid machine learning system for stock market forecasting},
  author={Choudhry, Rohit and Garg, Kumkum},
  journal={World Academy of Science, Engineering and Technology},
  volume={39},
  number={3},
  pages={315--318},
  year={2008}
}

@article{google_trends,
  title={Quantifying trading behavior in financial markets using Google Trends},
  author={Preis, Tobias and Moat, Helen Susannah and Stanley, H Eugene},
  journal={Scientific reports},
  volume={3},
  pages={1684},
  year={2013},
  publisher={Nature Publishing Group}
}

@article{forecasting_returns,
  title={The use of data mining and neural networks for forecasting stock market returns},
  author={Enke, David and Thawornwong, Suraphan},
  journal={Expert Systems with applications},
  volume={29},
  number={4},
  pages={927--940},
  year={2005},
  publisher={Elsevier}
}

@inproceedings{gabased_svm,
  title={Mining stock market tendency using GA-based support vector machines},
  author={Yu, Lean and Wang, Shouyang and Lai, Kin Keung},
  booktitle={International Workshop on Internet and Network Economics},
  pages={336--345},
  year={2005},
  organization={Springer}
}

@article{cryptocurrency,
  title={Using an artificial financial market for studying a cryptocurrency market},
  author={Cocco, Luisanna and Concas, Giulio and Marchesi, Michele},
  journal={Journal of Economic Interaction and Coordination},
  volume={12},
  number={2},
  pages={345--365},
  year={2017},
  publisher={Springer}
}

@article{clustering_svm,
  title={Forecasting financial series using clustering methods and support vector regression},
  author={Vilela, Lucas FS and Leme, Rafael C and Pinheiro, Carlos AM and Carpinteiro, Ot{\'a}vio AS},
  journal={Artificial Intelligence Review},
  volume={52},
  number={2},
  pages={743--773},
  year={2019},
  publisher={Springer}
}

@article{adversarial_portifolio,
  title={Adversarial Deep Reinforcement Learning in Portfolio Management},
  author={Liang, Zhipeng and Chen, H and Zhu, J and Jiang, K and Li, Y},
  journal={arXiv preprint arXiv:1808.09940},
  year={2018}
}

@article{method_rep_studies,
  title={Deep learning networks for stock market analysis and prediction: Methodology, data representations, and case studies},
  author={Chong, Eunsuk and Han, Chulwoo and Park, Frank C},
  journal={Expert Systems with Applications},
  volume={83},
  pages={187--205},
  year={2017},
  publisher={Elsevier}
}

@article{increase_decrease,
  title={A deep increasing--decreasing-linear neural network for financial time series prediction},
  author={Ara{\'u}jo, Ricardo de A and Nedjah, Nadia and Oliveira, Adriano LI and Silvio, R de L},
  journal={Neurocomputing},
  volume={347},
  pages={59--81},
  year={2019},
  publisher={Elsevier}
}

@article{starcraft,
  title={Starcraft ii: A new challenge for reinforcement learning},
  author={Vinyals, Oriol and Ewalds, Timo and Bartunov, Sergey and Georgiev, Petko and Vezhnevets, Alexander Sasha and Yeo, Michelle and Makhzani, Alireza and K{\"u}ttler, Heinrich and Agapiou, John and Schrittwieser, Julian and others},
  journal={arXiv preprint arXiv:1708.04782},
  year={2017}
}


@article{classification_dnn,
  title={Classification-based financial markets prediction using deep neural networks},
  author={Dixon, Matthew and Klabjan, Diego and Bang, Jin Hoon},
  journal={Algorithmic Finance},
  volume={6},
  number={3-4},
  pages={67--77},
  year={2017},
  publisher={IOS Press}
}

@book{deep_learning,
  title={Deep learning},
  author={Goodfellow, Ian and Bengio, Yoshua and Courville, Aaron},
  year={2016},
  publisher={MIT press}
}

@book{modern_approach,
  title={Artificial intelligence: a modern approach},
  author={Russell, Stuart J and Norvig, Peter},
  year={2016},
  publisher={Malaysia; Pearson Education Limited,}
}

@article{convolutional_image,
  title={Algorithmic financial trading with deep convolutional neural networks: Time series to image conversion approach},
  author={Sezer, Omer Berat and Ozbayoglu, Ahmet Murat},
  journal={Applied Soft Computing},
  volume={70},
  pages={525--538},
  year={2018},
  publisher={Elsevier}
}

@article{candlestick,
  title={Using Deep Learning Neural Networks and Candlestick Chart Representation to Predict Stock Market},
  author={Kusuma, Rosdyana Mangir Irawan and Ho, Trang-Thi and Kao, Wei-Chun and Ou, Yu-Yen and Hua, Kai-Lung},
  journal={arXiv preprint arXiv:1903.12258},
  year={2019}
}

@article{nn_forecasting,
  title={The use of data mining and neural networks for forecasting stock market returns},
  author={Enke, David and Thawornwong, Suraphan},
  journal={Expert Systems with applications},
  volume={29},
  number={4},
  pages={927--940},
  year={2005},
  publisher={Elsevier}
}

@article{fundamental_technical_analysis,
  title={Neural network techniques for financial performance prediction: integrating fundamental and technical analysis},
  author={Lam, Monica},
  journal={Decision support systems},
  volume={37},
  number={4},
  pages={567--581},
  year={2004},
  publisher={Elsevier}
}

@article{cesarone2011portfolio,
  title={Portfolio selection problems in practice: a comparison between linear and quadratic optimization models},
  author={Cesarone, Francesco and Scozzari, Andrea and Tardella, Fabio},
  journal={arXiv preprint arXiv:1105.3594},
  year={2011}
}

@article{lstm,
  title={Long short-term memory},
  author={Hochreiter, Sepp and Schmidhuber, J{\"u}rgen},
  journal={Neural computation},
  volume={9},
  number={8},
  pages={1735--1780},
  year={1997},
  publisher={MIT Press}
}

@inproceedings{tpe,
  title={Algorithms for hyper-parameter optimization},
  author={Bergstra, James S and Bardenet, R{\'e}mi and Bengio, Yoshua and K{\'e}gl, Bal{\'a}zs},
  booktitle={Advances in neural information processing systems},
  pages={2546--2554},
  year={2011}
}

@article{5adam,
  title={Adam: A method for stochastic optimization},
  author={Kingma, Diederik P and Ba, Jimmy},
  journal={arXiv preprint arXiv:1412.6980},
  year={2014}
}

@article{posthoc,
  title={Statistical comparisons of classifiers over multiple data sets},
  author={Dem{\v{s}}ar, Janez},
  journal={Journal of Machine learning research},
  volume={7},
  number={Jan},
  pages={1--30},
  year={2006}
}

@article{cross-validation,
  title={Bias in error estimation when using cross-validation for model selection},
  author={Varma, Sudhir and Simon, Richard},
  journal={BMC bioinformatics},
  volume={7},
  number={1},
  pages={91},
  year={2006},
  publisher={BioMed Central}
}

@article{fama,
  title={Efficient capital markets: A review of theory and empirical work},
  author={Malkiel, Burton G and Fama, Eugene F},
  journal={The journal of Finance},
  volume={25},
  number={2},
  pages={383--417},
  year={1970},
  publisher={Wiley Online Library}
}

@book{jain1990art,
  title={The art of computer systems performance analysis: techniques for experimental design, measurement, simulation, and modeling},
  author={Jain, Raj},
  year={1990},
  publisher={John Wiley \& Sons}
}

@article{financial_news,
  title={Automated news reading: Stock price prediction based on financial news using context-capturing features},
  author={Hagenau, Michael and Liebmann, Michael and Neumann, Dirk},
  journal={Decision Support Systems},
  volume={55},
  number={3},
  pages={685--697},
  year={2013},
  publisher={Elsevier}
}

@article{bib2,
  title={Web search queries can predict stock market volumes},
  author={Bordino, Ilaria and Battiston, Stefano and Caldarelli, Guido and Cristelli, Matthieu and Ukkonen, Antti and Weber, Ingmar},
  journal={PloS one},
  volume={7},
  number={7},
  year={2012},
  publisher={Public Library of Science}
}

@inproceedings{structured_events,
  title={Using structured events to predict stock price movement: An empirical investigation},
  author={Ding, Xiao and Zhang, Yue and Liu, Ting and Duan, Junwen},
  booktitle={Proceedings of the 2014 Conference on Empirical Methods in Natural Language Processing (EMNLP)},
  pages={1415--1425},
  year={2014}
}

@article{clustering_report,
  title={Clustering approach to stock market prediction},
  author={Babu, M Suresh and Geethanjali, N and Satyanarayana, B},
  journal={International Journal of Advanced Networking and Applications},
  volume={3},
  number={4},
  pages={1281},
  year={2012},
  publisher={Eswar Publications}
}